@comment{{This file has been generated by bib2bib 1.96}}

@comment{{Command line: /usr/bin/bib2bib -c '$key="gerkey2003player" or $key="merali2013icra" or 1=2' /home/vikasdhi/wrk/biblib/bibdb.bib}}

@inproceedings{gerkey2003player,
  title = {The player/stage project: Tools for multi-robot and distributed sensor systems},
  author = {Gerkey, Brian and Vaughan, Richard T and Howard, Andrew},
  booktitle = {Proceedings of the 11th international conference on advanced robotics},
  volume = {1},
  pages = {317--323},
  year = {2003}
}

@inproceedings{merali2013icra,
  author = {Merali, R.S. and Barfoot, T.D.},
  booktitle = {Intelligent Robots and Systems ({IROS}), 2012 IEEE/{RSJ} International Conference on},
  title = {Occpancy Grid Mapping with Markov Chain Monte Carlo Gibbs Sampling},
  year = {2013}
}

