@comment{{This file has been generated by bib2bib 1.96}}

@comment{{Command line: /usr/bin/bib2bib -c 1=2}}

