@comment{{This file has been generated by bib2bib 1.96}}

@comment{{Command line: /usr/bin/bib2bib -c '$key="pearl1986fusion" or $key="komodakis2009beyond" or $key="thrun2002robotic" or $key="thrun2003learning" or $key="howard2003radish" or $key="meltzer2009convergent" or $key="kolmogorov2006convergent" or $key="gerkey2003player" or $key="wiegerinck2003fractional" or $key="merali2013icra" or $key="newcombe2011kinectfusion" or $key="elfes1989using" or $key="wainwright2005map" or $key="kappes2013comparative" or $key="moravec1985high" or $key="potetz2007efficient" or $key="leonardis2006efficient" or $key="kschischang2001factor" or $key="kundu2011realtime" or $key="jojic2010accelerated" or $key="moravec1988sensor" or $key="meyer2012occupancy" or $key="yedidia2000generalized" or $key="davison2007monoslam" or $key="nagla2012improved" or $key="sontag2011introduction" or $key="mackay1998introduction" or 1=2' ./modern_map.bib}}

@comment{{This file has been generated by bib2bib 1.96}}

@comment{{Command line: /usr/bin/bib2bib -c '$key="pearl1986fusion" or $key="komodakis2009beyond" or $key="thrun2002robotic" or $key="thrun2003learning" or $key="howard2003radish" or $key="meltzer2009convergent" or $key="kolmogorov2006convergent" or $key="gerkey2003player" or $key="wiegerinck2003fractional" or $key="merali2013icra" or $key="newcombe2011kinectfusion" or $key="elfes1989using" or $key="wainwright2005map" or $key="kappes2013comparative" or $key="moravec1985high" or $key="potetz2007efficient" or $key="leonardis2006efficient" or $key="kschischang2001factor" or $key="kundu2011realtime" or $key="jojic2010accelerated" or $key="moravec1988sensor" or $key="meyer2012occupancy" or $key="yedidia2000generalized" or $key="davison2007monoslam" or $key="nagla2012improved" or $key="sontag2011introduction" or $key="mackay1998introduction" or 1=2' ./modern_map.bib}}

@comment{{This file has been generated by bib2bib 1.96}}

@comment{{Command line: /usr/bin/bib2bib -c '$key="pearl1986fusion" or $key="komodakis2009beyond" or $key="thrun2002robotic" or $key="thrun2003learning" or $key="howard2003radish" or $key="meltzer2009convergent" or $key="kolmogorov2006convergent" or $key="gerkey2003player" or $key="wiegerinck2003fractional" or $key="merali2013icra" or $key="newcombe2011kinectfusion" or $key="elfes1989using" or $key="wainwright2005map" or $key="kappes2013comparative" or $key="moravec1985high" or $key="potetz2007efficient" or $key="leonardis2006efficient" or $key="kschischang2001factor" or $key="kundu2011realtime" or $key="jojic2010accelerated" or $key="moravec1988sensor" or $key="meyer2012occupancy" or $key="yedidia2000generalized" or $key="davison2007monoslam" or $key="nagla2012improved" or $key="sontag2011introduction" or $key="mackay1998introduction" or 1=2' ./modern_map.bib}}

@comment{{This file has been generated by bib2bib 1.96}}

@comment{{Command line: /usr/bin/bib2bib -c '$key="komodakis2009beyond" or $key="thrun2002robotic" or $key="thrun2003learning" or $key="howard2003radish" or $key="kolmogorov2006convergent" or $key="gerkey2003player" or $key="merali2013icra" or $key="newcombe2011kinectfusion" or $key="elfes1989using" or $key="moravec1985high" or $key="potetz2007efficient" or $key="leonardis2006efficient" or $key="kschischang2001factor" or $key="kundu2011realtime" or $key="jojic2010accelerated" or $key="moravec1988sensor" or $key="meyer2012occupancy" or $key="davison2007monoslam" or $key="nagla2012improved" or $key="sontag2011introduction" or $key="mackay1998introduction" or 1=2' /home/vikasdhi/wrk/biblib/bibdb.bib}}

@inproceedings{newcombe2011kinectfusion,
  author = {Newcombe, R.A. and Davison, A.J. and Izadi, S. and Kohli, P. and Hilliges, O. and Shotton, J. and Molyneaux, D. and Hodges, S. and Kim, D. and Fitzgibbon, A.},
  booktitle = {Mixed and Augmented Reality ({ISMAR}), 2011 10th {IEEE} International Symposium on},
  organization = {IEEE},
  pages = {127--136},
  title = {KinectFusion: Real-time dense surface mapping and tracking},
  year = {2011}
}

@article{davison2007monoslam,
  author = {Davison, Andrew J and Reid, Ian D and Molton, Nicholas D and Stasse, Olivier},
  journal = {Pattern Analysis and Machine Intelligence, IEEE Transactions on},
  number = {6},
  pages = {1052--1067},
  publisher = {IEEE},
  title = {MonoSLAM: Real-time single camera SLAM},
  volume = {29},
  year = {2007}
}

@article{thrun2003learning,
  author = {Thrun, Sebastian},
  doi = {10.1023/A:1025584807625},
  issn = {0929-5593},
  journal = {Autonomous Robots},
  language = {English},
  number = {2},
  pages = {111-127},
  publisher = {Kluwer Academic Publishers},
  title = {Learning Occupancy Grid Maps with Forward Sensor Models},
  volume = {15},
  year = {2003},
  bdsk-url-1 = {http://dx.doi.org/10.1023/A:1025584807625}
}

@inproceedings{gerkey2003player,
  author = {Gerkey, Brian and Vaughan, Richard T and Howard, Andrew},
  booktitle = {Proceedings of the 11th international conference on advanced robotics},
  pages = {317--323},
  title = {The player/stage project: Tools for multi-robot and distributed sensor systems},
  volume = {1},
  year = {2003}
}

@inproceedings{merali2013icra,
  author = {Merali, R.S. and Barfoot, T.D.},
  booktitle = {Intelligent Robots and Systems ({IROS}), 2012 {IEEE}/{RSJ} International Conference on},
  title = {Occpancy Grid Mapping with Markov Chain Monte Carlo Gibbs Sampling},
  year = {2013}
}

@inproceedings{kundu2011realtime,
  author = {Kundu, A. and Krishna, K.M. and Jawahar, C.V.},
  booktitle = {Computer Vision (ICCV), 2011 IEEE International Conference on},
  doi = {10.1109/ICCV.2011.6126482},
  issn = {1550-5499},
  pages = {2080-2087},
  title = {Realtime multibody visual SLAM with a smoothly moving monocular camera},
  year = {2011},
  bdsk-url-1 = {http://dx.doi.org/10.1109/ICCV.2011.6126482}
}

@article{sontag2011introduction,
  author = {Sontag, David and Globerson, Amir and Jaakkola, Tommi},
  journal = {Optimization for Machine Learning},
  publisher = {MIT Press Cambridge, MA},
  title = {Introduction to dual decomposition for inference},
  volume = {1},
  year = {2011}
}

@article{kschischang2001factor,
  author = {Kschischang, Frank R and Frey, Brendan J and Loeliger, H-A},
  journal = {Information Theory, IEEE Transactions on},
  number = {2},
  pages = {498--519},
  publisher = {IEEE},
  title = {Factor graphs and the sum-product algorithm},
  volume = {47},
  year = {2001}
}

@inproceedings{jojic2010accelerated,
  author = {Jojic, Vladimir and Gould, Stephen and Koller, Daphne},
  booktitle = {Proceedings of the 27th International Conference on Machine Learning (ICML-10)},
  pages = {503--510},
  title = {Accelerated dual decomposition for MAP inference},
  year = {2010}
}

@inproceedings{komodakis2009beyond,
  author = {Komodakis, Nikos and Paragios, Nikos},
  booktitle = {Computer Vision and Pattern Recognition, 2009. CVPR 2009. IEEE Conference on},
  organization = {IEEE},
  pages = {2985--2992},
  title = {Beyond pairwise energies: Efficient optimization for higher-order MRFs},
  year = {2009}
}

@incollection{mackay1998introduction,
  author = {MacKay, David JC},
  booktitle = {Learning in graphical models},
  pages = {175--204},
  publisher = {Springer},
  title = {Introduction to monte carlo methods},
  year = {1998}
}

@misc{howard2003radish,
  author = {Andrew Howard and Nicholas Roy},
  title = {The Robotics Data Set Repository (Radish)},
  url = {http://radish.sourceforge.net/},
  year = {2003},
  bdsk-url-1 = {http://radish.sourceforge.net/}
}

@incollection{leonardis2006efficient,
  author = {Lan, Xiangyang and Roth, Stefan and Huttenlocher, Daniel and Black, MichaelJ.},
  booktitle = {Computer Vision - ECCV 2006},
  doi = {10.1007/11744047_21},
  editor = {Leonardis, Ales and Bischof, Horst and Pinz, Axel},
  isbn = {978-3-540-33834-5},
  pages = {269-282},
  publisher = {Springer Berlin Heidelberg},
  series = {Lecture Notes in Computer Science},
  title = {Efficient Belief Propagation with Learned Higher-Order Markov Random Fields},
  url = {http://dx.doi.org/10.1007/11744047_21},
  volume = {3952},
  year = {2006},
  bdsk-url-1 = {http://dx.doi.org/10.1007/11744047_21}
}

@inproceedings{potetz2007efficient,
  author = {Potetz, Brian},
  booktitle = {Computer Vision and Pattern Recognition, 2007. CVPR'07. IEEE Conference on},
  organization = {IEEE},
  pages = {1--8},
  title = {Efficient belief propagation for vision using linear constraint nodes},
  year = {2007}
}

@inproceedings{gerkey2003player,
  author = {Gerkey, Brian and Vaughan, Richard T and Howard, Andrew},
  booktitle = {Proceedings of the 11th international conference on advanced robotics},
  pages = {317--323},
  title = {The player/stage project: Tools for multi-robot and distributed sensor systems},
  volume = {1},
  year = {2003}
}

@article{kolmogorov2006convergent,
  author = {Kolmogorov, Vladimir},
  journal = {Pattern Analysis and Machine Intelligence, IEEE Transactions on},
  number = {10},
  pages = {1568--1583},
  publisher = {IEEE},
  title = {Convergent tree-reweighted message passing for energy minimization},
  volume = {28},
  year = {2006}
}

@inproceedings{jojic2010accelerated,
  author = {Jojic, Vladimir and Gould, Stephen and Koller, Daphne},
  booktitle = {Proceedings of the 27th International Conference on Machine Learning (ICML-10)},
  pages = {503--510},
  title = {Accelerated dual decomposition for MAP inference},
  year = {2010}
}

@article{elfes1989using,
  author = {Elfes, A.},
  doi = {10.1109/2.30720},
  issn = {0018-9162},
  journal = {Computer},
  number = {6},
  pages = {46-57},
  title = {Using occupancy grids for mobile robot perception and navigation},
  volume = {22},
  year = {1989},
  bdsk-url-1 = {http://dx.doi.org/10.1109/2.30720}
}

@article{moravec1988sensor,
  author = {Moravec, Hans P},
  journal = {AI magazine},
  number = {2},
  pages = {61},
  title = {Sensor fusion in certainty grids for mobile robots},
  volume = {9},
  year = {1988}
}

@article{thrun2002robotic,
  author = {Thrun, Sebastian},
  journal = {Exploring artificial intelligence in the new millennium},
  pages = {1--35},
  publisher = {Morgan Kaufmann San Mateo, CA},
  title = {Robotic mapping: A survey},
  year = {2002}
}

@inproceedings{meyer2012occupancy,
  author = {Meyer-Delius, Daniel and Beinhofer, Maximilian and Burgard, Wolfram},
  booktitle = {AAAI},
  title = {Occupancy Grid Models for Robot Mapping in Changing Environments.},
  year = {2012}
}

@article{nagla2012improved,
  author = {Nagla, KS and Uddin, Moin and Singh, Dilbag},
  journal = {Robotics and Autonomous Systems},
  publisher = {Elsevier},
  title = {Improved occupancy grid mapping in specular environment},
  year = {2012}
}

@inproceedings{moravec1985high,
  author = {Moravec, H.P. and Elfes, A.},
  booktitle = {Robotics and Automation. Proceedings. 1985 IEEE International Conference on},
  title = {High resolution maps from wide angle sonar},
  year = {1985},
  volume = {2},
  pages = {116-121},
  doi = {10.1109/ROBOT.1985.1087316}
}

@inproceedings{kappes2013comparative,
  title = {A comparative study of modern inference techniques for discrete energy minimization problems},
  author = {Kappes, J{\"o}rg H and Andres, Bjoern and Hamprecht, Fred A and Schn{\"o}rr, Christoph and Nowozin, Sebastian and Batra, Dhruv and Kim, Sungwoong and Kausler, Bernhard X and Lellmann, Jan and Komodakis, Nikos and others},
  booktitle = {Proceedings of the IEEE Conference on Computer Vision and Pattern Recognition (CVPR)},
  year = {2013}
}

@article{pearl1986fusion,
  title = {Fusion, propagation, and structuring in belief networks },
  journal = {Artificial Intelligence },
  volume = {29},
  number = {3},
  pages = {241 - 288},
  year = {1986},
  note = {},
  issn = {0004-3702},
  doi = {http://dx.doi.org/10.1016/0004-3702(86)90072-X},
  url = {http://www.sciencedirect.com/science/article/pii/000437028690072X},
  author = {Judea Pearl}
}

@article{pearl1986fusion,
  title = {Fusion, propagation, and structuring in belief networks},
  author = {Pearl, Judea},
  journal = {Artificial intelligence},
  volume = {29},
  number = {3},
  pages = {241--288},
  year = {1986},
  publisher = {Elsevier}
}

@inproceedings{yedidia2000generalized,
  title = {Generalized belief propagation},
  author = {Yedidia, Jonathan S and Freeman, William T and Weiss, Yair and others},
  booktitle = {NIPS},
  volume = {13},
  pages = {689--695},
  year = {2000}
}

@article{wiegerinck2003fractional,
  title = {Fractional belief propagation},
  author = {Wiegerinck, Wim and Heskes, Tom and others},
  journal = {Advances in Neural Information Processing Systems},
  pages = {455--462},
  year = {2003},
  publisher = {MIT; 1998}
}

@article{wainwright2005map,
  title = {MAP estimation via agreement on trees: message-passing and linear programming},
  author = {Wainwright, Martin J and Jaakkola, Tommi S and Willsky, Alan S},
  journal = {Information Theory, IEEE Transactions on},
  volume = {51},
  number = {11},
  pages = {3697--3717},
  year = {2005},
  publisher = {IEEE}
}

@inproceedings{meltzer2009convergent,
  author = {Meltzer, Talya and Globerson, Amir and Weiss, Yair},
  title = {Convergent message passing algorithms: a unifying view},
  booktitle = {Proceedings of the Twenty-Fifth Conference on Uncertainty in Artificial Intelligence},
  series = {UAI '09},
  year = {2009},
  isbn = {978-0-9749039-5-8},
  location = {Montreal, Quebec, Canada},
  pages = {393--401},
  numpages = {9},
  url = {http://dl.acm.org/citation.cfm?id=1795114.1795160},
  acmid = {1795160},
  publisher = {AUAI Press},
  address = {Arlington, Virginia, United States}
}

